<?xml version="1.0" encoding="UTF-8"?>
<record xmlns="http://www.loc.gov/MARC21/slim">
  <leader>02499ntm a22003617a 4500</leader>
  <controlfield tag="001">3681409</controlfield>
  <controlfield tag="005">20110520143100.0</controlfield>
  <controlfield tag="008">090115s1840    xx            000 i eng d</controlfield>
  <datafield tag="033" ind1="0" ind2="0">
    <subfield code="a">18400901</subfield>
  </datafield>
  <datafield tag="040" ind1=" " ind2=" ">
    <subfield code="a">BRL</subfield>
  </datafield>
  <datafield tag="099" ind1=" " ind2=" ">
    <subfield code="a">Ms.A.1.1 v.3, p.59</subfield>
  </datafield>
  <datafield tag="100" ind1="1" ind2=" ">
    <subfield code="a">Garrison, William Lloyd,</subfield>
    <subfield code="d">1805-1879.</subfield>
  </datafield>
  <datafield tag="245" ind1="1" ind2="0">
    <subfield code="a">[Letter to] Dear Friend</subfield>
    <subfield code="h">[manuscript].</subfield>
  </datafield>
  <datafield tag="260" ind1=" " ind2=" ">
    <subfield code="a">Boston, [Mass.],</subfield>
    <subfield code="c">Sept. 1, 1840.</subfield>
  </datafield>
  <datafield tag="300" ind1=" " ind2=" ">
    <subfield code="a">1 leaf (4 p.) ;</subfield>
    <subfield code="c">10 x 7 7/8 in.</subfield>
  </datafield>
  <datafield tag="500" ind1=" " ind2=" ">
    <subfield code="a">Holograph, signed.</subfield>
  </datafield>
  <datafield tag="500" ind1=" " ind2=" ">
    <subfield code="a">In this letter to Elizabeth Pease Nichol, William Lloyd Garrison writes: &quot;I find that, during my absence in England, the spirit of &apos;new organization&apos; spared no pains, and let slip no opportunity, to make me odious with the public, and, especially, to alienate the affections of the colored people from me. They will know that, so long as I retain the confidence of my colored friends, all their machinations against me will prove abortive.&quot; Garrison and Nathaniel P. Rogers were given a public welcome from their trip abroad given by black abolitionists and white friends in Marlborough Chapel, Boston. James T. Hall gave Garrison the right hand of fellowship in the presence of this assembly. At the new organizationers&apos; meeting, Nathaniel Colver was abusive. Mrs. Chapman is &quot;even more arduous in her labors.&quot; Garrison and Nathaniel P. Rogers will attend both the New Hampshire and the Massachusetts state anti-slavery conventions, where they will report on World&apos;s Convention and the London Committee, showing it in its true light. Garrison quotes an editorial from the Quaker paper, The Friend. William Bassett has been excluded from the Society of Friends.</subfield>
  </datafield>
  <datafield tag="510" ind1="4" ind2=" ">
    <subfield code="a">Merrill, Walter M. Letters of William Lloyd Garrison,</subfield>
    <subfield code="c">v.2, no.214.</subfield>
  </datafield>
  <datafield tag="600" ind1="1" ind2="0">
    <subfield code="a">Garrison, William Lloyd,</subfield>
    <subfield code="d">1805-1879</subfield>
    <subfield code="v">Correspondence.</subfield>
  </datafield>
  <datafield tag="600" ind1="1" ind2="0">
    <subfield code="a">Nichol, Elizabeth Pease,</subfield>
    <subfield code="d">1807-1897</subfield>
    <subfield code="v">Correspondence.</subfield>
  </datafield>
  <datafield tag="600" ind1="1" ind2="0">
    <subfield code="a">Bassett, William,</subfield>
    <subfield code="d">1803-1871.</subfield>
  </datafield>
  <datafield tag="600" ind1="1" ind2="0">
    <subfield code="a">Chapman, Maria Weston,</subfield>
    <subfield code="d">1806-1885.</subfield>
  </datafield>
  <datafield tag="600" ind1="1" ind2="0">
    <subfield code="a">Colver, Nathaniel,</subfield>
    <subfield code="d">1794-1870.</subfield>
  </datafield>
  <datafield tag="600" ind1="1" ind2="0">
    <subfield code="a">Hilton, John Telemachus,</subfield>
    <subfield code="d">1802-1864.</subfield>
  </datafield>
  <datafield tag="600" ind1="1" ind2="0">
    <subfield code="a">Rogers, Nathaniel Peabody,</subfield>
    <subfield code="d">1794-1846.</subfield>
  </datafield>
  <datafield tag="650" ind1="2" ind2="0">
    <subfield code="a">Society of Friends.</subfield>
  </datafield>
  <datafield tag="650" ind1=" " ind2="0">
    <subfield code="a">Antislavery movements</subfield>
    <subfield code="z">United States</subfield>
    <subfield code="x">History</subfield>
    <subfield code="y">19th century.</subfield>
  </datafield>
  <datafield tag="650" ind1=" " ind2="0">
    <subfield code="a">Abolitionists</subfield>
    <subfield code="z">United States</subfield>
    <subfield code="y">19th century</subfield>
    <subfield code="v">Correspondence.</subfield>
  </datafield>
  <datafield tag="655" ind1=" " ind2="0">
    <subfield code="a">Letters.</subfield>
  </datafield>
  <datafield tag="655" ind1=" " ind2="0">
    <subfield code="a">Manuscripts.</subfield>
  </datafield>
  <datafield tag="700" ind1="1" ind2=" ">
    <subfield code="a">Nichol, Elizabeth Pease,</subfield>
    <subfield code="d">1807-1897,</subfield>
    <subfield code="e">recipient.</subfield>
  </datafield>
  <datafield tag="830" ind1=" " ind2="0">
    <subfield code="a">William Lloyd Garrison Correspondence (1823-1879)</subfield>
  </datafield>
  <datafield tag="999" ind1=" " ind2=" ">
    <subfield code="a">shots: 4</subfield>
  </datafield>
</record>
